<record xmlns="http://www.loc.gov/MARC21/slim" xmlns:xsi="http://www.w3.org/2001/XMLSchema-instance" xsi:schemaLocation="http://www.loc.gov/MARC21/slim http://www.loc.gov/standards/marcxml/schema/MARC21slim.xsd"><leader>02900nam a2200481   4500</leader><controlfield tag="001">1670502</controlfield><controlfield tag="003">NIC</controlfield><controlfield tag="006">m        d        </controlfield><controlfield tag="007">cr cn |||m|||a</controlfield><controlfield tag="008">150113s1955    ua      ob    001 0 ara d</controlfield><datafield ind1=" " ind2=" " tag="040"><subfield code="a">NNU</subfield><subfield code="b">eng</subfield><subfield code="c">NNU</subfield></datafield><datafield ind1=" " ind2=" " tag="043"><subfield code="a">a-iq---</subfield></datafield><datafield ind1="1" ind2=" " tag="100"><subfield code="6">880-01</subfield><subfield code="a">Si&#772;ra&#772;fi&#772;, al-H&#803;asan ibn &#699;Abd Alla&#772;h,</subfield><subfield code="d">approximately 893-approximately 979.</subfield></datafield><datafield ind1="1" ind2="0" tag="245"><subfield code="6">880-02</subfield><subfield code="a">Akhba&#772;r al-nah&#803;wi&#772;yi&#772;yn al-Bas&#803;ri&#772;yi&#772;yn</subfield><subfield code="h">[electronic resource] /</subfield><subfield code="c">ta&#700;li&#772;f Abi&#772; Sa&#699;i&#772;d al-H&#803;asan ibn &#699;Abd Alla&#772;h al-Si&#772;ra&#772;fi&#772; ; tah&#803;qi&#772;q T&#803;a&#772;ha Muh&#803;ammad al-Zayni&#772;, Muh&#803;ammad &#699;Abd al-Mun&#699;im Khafa&#772;ji&#772;.</subfield></datafield><datafield ind1=" " ind2=" " tag="250"><subfield code="6">880-03</subfield><subfield code="a">al-T&#803;ab&#699;ah 1.</subfield></datafield><datafield ind1=" " ind2=" " tag="260"><subfield code="6">880-04</subfield><subfield code="a">[Cairo], Mis&#803;r :</subfield><subfield code="b">Sharikat Maktabat wa-Ma&#803;t&#803;ba&#699;at Mus&#803;t&#803;afa&#769; al-Ba&#772;bi&#772; al-H&#803;alabi&#772; wa-Awla&#772;dih,</subfield><subfield code="c">1955.</subfield></datafield><datafield ind1=" " ind2=" " tag="300"><subfield code="a">online resource (87 p.)</subfield></datafield><datafield ind1=" " ind2=" " tag="500"><subfield code="a">Part of the Arabic Collections Online (ACO) project, contributed by Cornell University Libraries.</subfield></datafield><datafield ind1=" " ind2=" " tag="504"><subfield code="a">Includes bibliographical references and index.</subfield></datafield><datafield ind1=" " ind2=" " tag="533"><subfield code="a">Electronic reproduction.</subfield><subfield code="b">New York, N.Y. :</subfield><subfield code="c">New York University,</subfield><subfield code="d">2015.</subfield><subfield code="5">NNU</subfield></datafield><datafield ind1=" " ind2="0" tag="650"><subfield code="a">Arabic language</subfield><subfield code="x">Study and teaching</subfield><subfield code="z">Iraq</subfield><subfield code="z">Bas&#803;rah</subfield><subfield code="x">History and criticism.</subfield></datafield><datafield ind1=" " ind2="0" tag="650"><subfield code="a">Philologists</subfield><subfield code="z">Iraq (Bas&#803;rah)</subfield><subfield code="x">Early works to 1800.</subfield></datafield><datafield ind1=" " ind2="0" tag="650"><subfield code="a">Arabic language</subfield><subfield code="x">Grammar</subfield><subfield code="x">Early works to 1800.</subfield></datafield><datafield ind1=" " ind2="7" tag="650"><subfield code="a">Arabic language</subfield><subfield code="x">Grammar.</subfield><subfield code="2">fast</subfield><subfield code="0">(OCoLC)fst00812341</subfield></datafield><datafield ind1=" " ind2="7" tag="650"><subfield code="a">Arabic language</subfield><subfield code="x">Study and teaching.</subfield><subfield code="2">fast</subfield><subfield code="0">(OCoLC)fst00812429</subfield></datafield><datafield ind1=" " ind2="7" tag="650"><subfield code="a">Philologists.</subfield><subfield code="2">fast</subfield><subfield code="0">(OCoLC)fst01060688</subfield></datafield><datafield ind1=" " ind2="7" tag="651"><subfield code="a">Iraq</subfield><subfield code="z">Bas&#803;rah.</subfield><subfield code="2">fast</subfield><subfield code="0">(OCoLC)fst01210191</subfield></datafield><datafield ind1=" " ind2="7" tag="655"><subfield code="a">Criticism, interpretation, etc.</subfield><subfield code="2">fast</subfield><subfield code="0">(OCoLC)fst01411635</subfield></datafield><datafield ind1=" " ind2="7" tag="655"><subfield code="a">Early works.</subfield><subfield code="2">fast</subfield><subfield code="0">(OCoLC)fst01411636</subfield></datafield><datafield ind1="1" ind2=" " tag="700"><subfield code="6">880-05</subfield><subfield code="a">Zayni&#772;, T&#803;aha Muh&#803;ammad.</subfield></datafield><datafield ind1="1" ind2=" " tag="700"><subfield code="6">880-06</subfield><subfield code="a">Khafa&#772;ji&#772;, &#699;Abd al-Mun&#699;im.</subfield></datafield><datafield ind1="2" ind2=" " tag="710"><subfield code="a">Cornell University.</subfield><subfield code="b">Libraries.</subfield></datafield><datafield ind1="0" ind2=" " tag="730"><subfield code="a">Arabic Collections Online.</subfield></datafield><datafield ind1="0" ind2="8" tag="776"><subfield code="i">Print version:</subfield><subfield code="a">Si&#772;ra&#772;fi&#772;, al-H&#803;asan ibn &#699;Abd Alla&#772;h, approximately 893-approximately 979.</subfield><subfield code="t">Akhba&#772;r al-nah&#803;wi&#772;yi&#772;yn al-Bas&#803;ri&#772;yi&#772;yn</subfield><subfield code="w">(NIC)1670502</subfield><subfield code="w">(OCoLC)60506061</subfield></datafield><datafield ind1="4" ind2="0" tag="856"><subfield code="u">http://hdl.handle.net/2333.1/np5hqf6c</subfield></datafield><datafield ind1="1" ind2=" " tag="880"><subfield code="6">100-01/r</subfield><subfield code="a">&#1587;&#1610;&#1585;&#1575;&#1601;&#1609;&#1548; &#1575;&#1604;&#1581;&#1587;&#1606; &#1576;&#1606; &#1593;&#1576;&#1583; &#1575;&#1604;&#1604;&#1607;&#1548;</subfield><subfield code="d">&#1581;&#1608;&#1575;&#1604;&#1609; &#1635;&#1641;&#1640;-&#1581;&#1608;&#1575;&#1604;&#1609; &#1641;&#1639;&#1641;.</subfield></datafield><datafield ind1="1" ind2="0" tag="880"><subfield code="6">245-02/r</subfield><subfield code="a">&#1571;&#1582;&#1576;&#1575;&#1585; &#1575;&#1604;&#1606;&#1581;&#1608;&#1610;&#1610;&#1606; &#1575;&#1604;&#1576;&#1589;&#1585;&#1610;&#1610;&#1606; /</subfield><subfield code="c">&#1578;&#1571;&#1604;&#1610;&#1601; &#1575;&#1576;&#1609; &#1587;&#1593;&#1610;&#1583; &#1575;&#1604;&#1581;&#1587;&#1606; &#1576;&#1606; &#1593;&#1576;&#1583; &#1575;&#1604;&#1604;&#1607; &#1575;&#1604;&#1587;&#1610;&#1585;&#1575;&#1601;&#1609; &#1563; &#1578;&#1581;&#1602;&#1610;&#1602; &#1591;&#1607; &#1605;&#1581;&#1605;&#1583; &#1575;&#1604;&#1586;&#1610;&#1606;&#1609; &#1548; &#1605;&#1581;&#1605;&#1583; &#1593;&#1576;&#1583; &#1575;&#1604;&#1605;&#1606;&#1593;&#1605; &#1582;&#1601;&#1575;&#1580;&#1609;.</subfield></datafield><datafield ind1=" " ind2=" " tag="880"><subfield code="6">250-03/r</subfield><subfield code="a">&#1575;&#1604;&#1591;&#1576;&#1593;&#1577; .1</subfield></datafield><datafield ind1=" " ind2=" " tag="880"><subfield code="6">260-04/r</subfield><subfield code="a">&#177;&#1575;&#1604;&#1602;&#1575;&#1607;&#1585;&#1577;&#431;, &#1605;&#1589;&#1585; :</subfield><subfield code="b">&#1588;&#1585;&#1603;&#1577; &#1605;&#1603;&#1578;&#1576;&#1577; &#1608;&#1605;&#1591;&#1576;&#1593;&#1577; &#1605;&#1589;&#1590;&#1601;&#1609; &#1575;&#1604;&#1576;&#1575;&#1576;&#1609; &#1575;&#1604;&#1581;&#1604;&#1576;&#1609; &#1608;&#1575;&#1608;&#1604;&#1575;&#1583;&#1607;&#1548;</subfield><subfield code="c">.1955</subfield></datafield><datafield ind1="1" ind2=" " tag="880"><subfield code="6">700-05/r</subfield><subfield code="a">&#1586;&#1610;&#1606;&#1609;&#1548; &#1591;&#1607; &#1605;&#1581;&#1605;&#1583;.</subfield></datafield><datafield ind1="1" ind2=" " tag="880"><subfield code="6">700-06/r</subfield><subfield code="a">&#1582;&#1601;&#1575;&#1580;&#1609;&#1548; &#1605;&#1581;&#1605;&#1583; &#1593;&#1576;&#1583; &#1575;&#1604;&#1605;&#1606;&#1593;&#1605;.</subfield></datafield><datafield ind1=" " ind2=" " tag="959"><subfield code="a">NNU</subfield><subfield code="b">WEB</subfield><subfield code="c">GENI</subfield><subfield code="t">0</subfield><subfield code="m">Electronic access</subfield><subfield code="s">01</subfield></datafield><datafield ind1=" " ind2=" " tag="999"><subfield code="i">NIC_1670502</subfield><subfield code="o">(OCoLC)ocm60506061 </subfield></datafield></record>